@online{mainweb,
author = {Thayer School of Engineering at Dartmouth College},
ALTeditor = {editor},
title = {Spacecraft Shielding},
date = {date},
url = {https://engineering.dartmouth.edu/~d76205x/research/Shielding/},
OPTsubtitle = {subtitle},
OPTtitleaddon = {titleaddon},
OPTlanguage = {language},
OPTversion = {version},
OPTnote = {note},
OPTorganization = {organization},
OPTdate = {date},
OPTmonth = {month},
OPTyear = {year},
OPTaddendum = {addendum},
OPTpubstate = {pubstate},
OPTurldate = {urldate},
}

@thesis{magthesis,
author = {Seth Alain Watkins},
title = {Magnetic Shielding of Spacecraft Employing High Temperature Superconductors},
type = {type},
institution = {Department of Mechanical Engineering and Material Science Duke University},
year = {1993},
url = {https://engineering.dartmouth.edu/~d76205x/research/Shielding/docs/Seth_Watkins_Duke_1993.pdf},
urldate = {2016},
}

@misc{townsend,
author = {Lawrence W Townsend},
title = {Critical Analysis of Active Shielding Methods for Space
Radiation Protection},
year = {2004},
OPThowpublished = {IEEAC paper #1094},
OPTnote = {note},
organization = {Department of Nuclear Engineering
The University of Tennessee},
OPTdoi = {doi},
OPTurl = {https://engineering.dartmouth.edu/~d76205x/research/Shielding/docs/Townsend_05.pdf},
}





@misc{RBSP,
ALTauthor = {Spence, et al},
ALTeditor = {editor},
title = {Science Goals and Overview of the Radiation Belt Storm
Probes (RBSP) Energetic Particle, Composition,
and Thermal Plasma (ECT) Suite on NASAâ€™s Van Allen
Probes Mission},
year = {18th October 2013},
OPTsubtitle = {subtitle},
OPTtitleaddon = {titleaddon},
OPTlanguage = {language},
OPThowpublished = {howpublished},
OPTtype = {type},
OPTversion = {version},
OPTnote = {note},
organization = {Space Eci Rev},
OPTlocation = {location},
OPTdate = {date},
OPTmonth = {month},
OPTyear = {year},
OPTaddendum = {addendum},
OPTpubstate = {pubstate},
doi = {10.1007/s11214-013-0007-5},
OPTeprint = {eprint},
OPTeprintclass = {eprintclass},
OPTeprinttype = {eprinttype},
OPTurl = {url},
OPTurldate = {urldate},
}


@misc{PlasmaRadShielding,
author = {R Levy, G Janes},
ALTeditor = {editor},
title = {Plasma Radiation Shielding},
year = {October 1964},
OPTsubtitle = {subtitle},
OPTtitleaddon = {titleaddon},
OPTlanguage = {language},
OPThowpublished = {howpublished},
OPTtype = {type},
OPTversion = {version},
OPTnote = {note},
OPTorganization = {organization},
OPTlocation = {location},
OPTdate = {date},
OPTmonth = {month},
OPTyear = {year},
OPTaddendum = {addendum},
OPTpubstate = {pubstate},
OPTdoi = {doi},
OPTeprint = {eprint},
OPTeprintclass = {eprintclass},
OPTeprinttype = {eprinttype},
url = {https://engineering.dartmouth.edu/~d76205x/research/Shielding/docs/Levy_64.pdf},
OPTurldate = {urldate},
}

@online{VanAllen,
ALTauthor = {Karen C Fox},
ALTeditor = {editor},
title = {NASA's Van Allen Probes Spot an Impenetrable Barrier in Space},
date = {31 July 2015},
url = {http://www.nasa.gov/content/goddard/van-allen-probes-spot-impenetrable-barrier-in-space},
OPTsubtitle = {subtitle},
OPTtitleaddon = {titleaddon},
OPTlanguage = {language},
OPTversion = {version},
OPTnote = {note},
organization = {NASA's Goddard Space Flight Center},
OPTdate = {date},
OPTmonth = {month},
OPTyear = {year},
OPTaddendum = {addendum},
OPTpubstate = {pubstate},
OPTurldate = {urldate},
}


