%% actual bib

@booklet{GPSrec,
	Author = {{International Centre for Theoretical Physics}},
	Lastchecked = {31 May 2017},
	Month = {April},
	Title = {GPS Receivers, Receiver Signals and Principals of Operation},
	Url = {http://indico.ictp.it/event/a09138/session/24/contribution/14/material/0/0.pdf},
	Year = {2010},
	Bdsk-Url-1 = {http://indico.ictp.it/event/a09138/session/24/contribution/14/material/0/0.pdf}}

@conference {HighAccDiffTrack,
	title = {High-Accuracy Differential Tracking of Low-Cost GPS Receivers},
	booktitle = {ACM 11th International Conference on Mobile Systems, Applications, and Services (MobiSys {\textquoteright}13)},
	year = {2013},
	month = {06/2013},
	publisher = {ACM},
	organization = {ACM},
	address = {Taipei, Taiwan},
	doi = {ACM 978-1-4503-1672-9/13/06},
	attachments = {http://www.isis.vanderbilt.edu/sites/default/files/mobisys229-hedgecock.pdf},
	author = {Will Hedgecock and Maroti, Miklos and Sallai, Janos and Volgyesi, Peter and Ledeczi, Akos}
}